<record><leader>00000cas a22000007a 4500</leader><controlfield tag="001">11062957</controlfield><controlfield tag="008">840816d18221822nyuwr ne      0    0eng d</controlfield><datafield ind1=" " ind2=" " tag="010"><subfield code="a">sn 84031403 </subfield></datafield><datafield ind1=" " ind2=" " tag="040"><subfield code="a">NYG</subfield><subfield code="b">eng</subfield><subfield code="c">NYG</subfield><subfield code="d">NYS</subfield><subfield code="d">OCL</subfield><subfield code="d">OCLCQ</subfield><subfield code="d">OCLCF</subfield><subfield code="d">OCLCO</subfield></datafield><datafield ind1="1" ind2=" " tag="029"><subfield code="a">AU@</subfield><subfield code="b">000020121823</subfield></datafield><datafield ind1=" " ind2=" " tag="042"><subfield code="a">msc</subfield></datafield><datafield ind1=" " ind2=" " tag="043"><subfield code="a">n-us-ny</subfield></datafield><datafield ind1="0" ind2="0" tag="245"><subfield code="a">Waterloo enunciator.</subfield></datafield><datafield ind1="1" ind2="3" tag="246"><subfield code="a">Enunciator</subfield></datafield><datafield ind1=" " ind2=" " tag="260"><subfield code="a">Waterloo, Seneca County, N.Y. :</subfield><subfield code="b">B.B. Drake,</subfield><subfield code="c">1822.</subfield></datafield><datafield ind1=" " ind2=" " tag="300"><subfield code="a">1 v. ;</subfield><subfield code="c">53 cm.</subfield></datafield><datafield ind1=" " ind2=" " tag="310"><subfield code="a">Weekly</subfield></datafield><datafield ind1="0" ind2=" " tag="362"><subfield code="a">Vol. 1, no. 1 (Jan. 2, 1822)-v. 1, no. 26 (June 28, 1822).</subfield></datafield><datafield ind1=" " ind2=" " tag="530"><subfield code="a">Also issued on microfilm from the Micro Photo Division, Bell and Howell.</subfield></datafield><datafield ind1=" " ind2="0" tag="651"><subfield code="a">Waterloo (N.Y.)</subfield><subfield code="v">Newspapers.</subfield></datafield><datafield ind1=" " ind2="0" tag="651"><subfield code="a">Seneca County (N.Y.)</subfield><subfield code="v">Newspapers.</subfield></datafield><datafield ind1=" " ind2="7" tag="655"><subfield code="a">Newspapers.</subfield><subfield code="2">fast</subfield><subfield code="0">(OCoLC)fst01423814</subfield></datafield><datafield ind1=" " ind2="7" tag="651"><subfield code="a">New York (State)</subfield><subfield code="z">Seneca County.</subfield><subfield code="2">fast</subfield><subfield code="0">(OCoLC)fst01220660</subfield></datafield><datafield ind1=" " ind2="7" tag="651"><subfield code="a">New York (State)</subfield><subfield code="z">Waterloo.</subfield><subfield code="2">fast</subfield><subfield code="0">(OCoLC)fst01220668</subfield></datafield><datafield ind1=" " ind2=" " tag="752"><subfield code="a">United States</subfield><subfield code="b">New York</subfield><subfield code="c">Seneca</subfield><subfield code="d">Waterloo.</subfield></datafield><datafield ind1="0" ind2="0" tag="785"><subfield code="t">Waterloo Republican (Waterloo, N.Y.)</subfield><subfield code="w">(DLC)sn 84031378</subfield><subfield code="w">(OCoLC)11062703</subfield></datafield></record>